<?xml version="1.0" encoding="UTF-8"?><record xmlns="http://www.loc.gov/MARC21/slim" xmlns:cinclude="http://apache.org/cocoon/include/1.0" xmlns:zs="http://www.loc.gov/zing/srw/">
  <leader>00630nz  a2200145n  4500</leader>
  <controlfield tag="001">no2001022852</controlfield>
  <controlfield tag="003">DLC</controlfield>
  <controlfield tag="005">20010324071048.0</controlfield>
  <controlfield tag="008">010322n| acannaab           |a ana     c</controlfield>
  <datafield tag="010" ind1=" " ind2=" ">
    <subfield code="a">no2001022852</subfield>
  </datafield>
  <datafield tag="035" ind1=" " ind2=" ">
    <subfield code="a">(OCoLC)oca05445106</subfield>
  </datafield>
  <datafield tag="040" ind1=" " ind2=" ">
    <subfield code="a">DGPO</subfield>
    <subfield code="b">eng</subfield>
    <subfield code="c">DGPO</subfield>
  </datafield>
  <datafield tag="110" ind1="1" ind2=" ">
    <subfield code="a">United States.</subfield>
    <subfield code="t">Act to Increase the Amount Authorized to Be Appropriated for the North Side Pumping Division of the Minidoka Reclamation Project, Idaho</subfield>
  </datafield>
  <datafield tag="410" ind1="1" ind2=" ">
    <subfield code="a">United States.</subfield>
    <subfield code="t">Public Law 106-371</subfield>
  </datafield>
  <datafield tag="670" ind1=" " ind2=" ">
    <subfield code="a">Its An Act to Increase the Amount Authorized to Be Appropriated for the North Side Pumping Division of the Minidoka Reclamation Project, Idaho, 2000.</subfield>
  </datafield>
</record>